
@incollection {Agostini2000Improving,
   author = {Agostini, Alessandra and De Michelis, Giorgio},
   title = {Improving Flexibility of workflow Management Systems},
   booktitle = {Business Process Management},
   series = {Lecture Notes in Computer Science},
   publisher = {Springer Berlin / Heidelberg},
   pages = {289--342},
   volume = {1806},
   year = {2000}
}

@article{Alonso2002Atomicity,
 author = {Schuldt, Heiko and Alonso, Gustavo and Beeri, Catriel and Schek, Hans-J\"{o}rg},
 title = {Atomicity and isolation for transactional processes},
 journal = {ACM Transactions on Database Systems (TODS)},
 issue_date = {March 2002},
 volume = {27},
 number = {1},
 month = mar,
 year = {2002},
 pages = {63--116},
 publisher = {ACM},
 address = {New York, NY, USA}
} 


@incollection{akkerman2005j2ee,
year={2005},
booktitle={Component Deployment},
volume={3798},
series={Lecture Notes in Computer Science},
title={Infrastructure for Automatic Dynamic Deployment of J2EE Applications in Distributed Environments},
publisher={Springer Berlin Heidelberg},
author={Akkerman, Anatoly and Totok, Alexander and Karamcheti, Vijay},
pages={17-32}
}

@TECHREPORT{Amazon2012Practices,
 author = {Tavis M and Fitzsimons P},
 title = {{Web Application Hosting in the AWS Cloud: Best Practices}},
 institution = {Amazon},
 year = {2012},
 month = {Setembro}
} 

@inproceedings{balter1998olan,
 author = {Balter, R. and Bellissard, L. and Boyer, F. and Riveill, M. and Vion-Dury, J.-Y.},
 title = {Architecturing and configuring distributed application with {Olan}},
 booktitle = {Proceedings of the IFIP International Conference on Distributed Systems Platforms and Open Distributed Processing},
 series = {Middleware '98},
 year = {1998},
 isbn = {1-85233-088-0},
 location = {The Lake District, United Kingdom},
 pages = {241--256},
 numpages = {16},
 url = {http://dl.acm.org/citation.cfm?id=1659232.1659253},
 acmid = {1659253},
 publisher = {Springer-Verlag},
 _address = {London, UK, UK}
} 

@article{barker2009choreographing,
author = {Adam Barker and Christopher D. Walton and David Robertson},
title={{Choreographing Web Services}},
journal ={{IEEE} Transactions on Services Computing},
volume = {2},
number = {2},
issn = {1939-1374},
year = {2009},
pages = {152-166},
publisher = {IEEE},
address = {Los Alamitos, CA, USA}
}

@misc{BPEL2007,
  title={Web services business process execution language, version 2.0},
  author = {{OASIS}},
  year={2007},
  month = {April},
  note = {{http://docs.oasis-open.org/wsbpel/2.0/OS/wsbpel-v2.0-OS.html}}
}

@misc{bpmn,
  title={Business Process Model and Notation ({BPMN}), version 2.0},
  author = {{OMG}},
  month = {January},
  year={2011},
  note = {{http://www.omg.org/spec/BPMN/2.0}}
}

@ARTICLE{Brewer2001GiantScale,
author={Brewer, E.A.},
journal={Internet Computing, IEEE}, 
title={Lessons from giant-scale services},
year={2001},
volume={5},
number={4},
pages={46 -55}
}

@book{CarnegieMellon2006ULS,
 author = {Software Engineering Institute of Carnegie Mellon University},
 title = {Ultra-Large-Scale Systems, The Software Challenge of the Future}, 
 year = {2006}
}

@article{Casati1998Workflow,
  title = {Workflow evolution},
  journal = {Data \& Knowledge Engineering},
  volume = {24},
  number = {3},
  pages = {211--238},
  year = {1998},
  author = {F Casati and S Ceri and B Pernici and G Pozzi}
}

@incollection{choreosidre2012,
year={2012},
isbn={978-3-642-30240-4},
booktitle={The Future Internet},
volume={7281},
series={Lecture Notes in Computer Science},
title={An Integrated Development and Runtime Environment for the Future Internet},
url={http://dx.doi.org/10.1007/978-3-642-30241-1_8},
publisher={Springer Berlin Heidelberg},
author={Ben Hamida, Amira and Kon, Fabio and Ansaldi Oliva, Gustavo and Santos, CarlosEduardoMoreira and Lorré, Jean-Pierre and Autili, Marco and Angelis, Guglielmo and Zarras, Apostolos and Georgantas, Nikolaos and Issarny, Valérie and Bertolino, Antonia},
pages={81--92}
}

@article{Cicirelli2010Dynamically,
title = "A service-based architecture for dynamically reconfigurable workflows",
journal = "Journal of Systems and Software",
volume = "83",
number = "7",
pages = "1148--1164",
year = "2010",
author = "Franco Cicirelli and Angelo Furfaro and Libero Nigro"
}

@ARTICLE{DeRemer1976Programming,
author={DeRemer, F. and Kron, H.H.},
journal={IEEE Transactions on Software Engineering}, 
title={Programming-in-the-Large Versus Programming-in-the-Small},
year={1976},
month={june},
volume={SE-2},
number={2},
pages={80--86}
}


@inproceedings{dolstra2005configuration,
 author = {Dolstra, Eelco and Bravenboer, Martin and Visser, Eelco},
 title = {Service configuration management},
 booktitle = {Proceedings of the 12th international workshop on Software configuration management},
 series = {SCM '05},
 year = {2005},
 isbn = {1-59593-310-7},
 location = {Lisbon, Portugal},
 pages = {83--98},
 numpages = {16},
 url = {http://doi.acm.org/10.1145/1109128.1109135},
 doi = {10.1145/1109128.1109135},
 acmid = {1109135},
 publisher = {ACM},
 _address = {New York, NY, USA}
} 

@book{humble2011continuous,
 author = {Jez Humble and David Farley},
 title = {Continuous Delivery}, 
 publisher = {Addison-Wesly}, 
 year = {2011}
}

@incollection{lan2005architecture,
year={2005},
booktitle={Component-Based Software Engineering},
volume={3489},
series={Lecture Notes in Computer Science},
editor={Heineman, GeorgeT. and Crnkovic, Ivica and Schmidt, HeinzW. and Stafford, JudithA. and Szyperski, Clemens and Wallnau, Kurt},
title={Architecture Based Deployment of Large-Scale Component Based Systems: The Tool and Principles},
publisher={Springer Berlin Heidelberg},
author={Lan, Ling and Huang, Gang and Ma, Liya and Wang, Meng and Mei, Hong and Zhang, Long and Chen, Ying},
pages={123-138}
}

@inproceedings{law1998scalable,
  title={Scalable means more than more: a unifying definition of simulation scalability},
  author={Law, D.R.},
  booktitle={Proceedings of the I998 Winter Simulation Conference},
  pages={781--788},
  year={1998},
  publisher={IEEE}
}

@INPROCEEDINGS{magee1994regis,
author={Magee, J. and Dulay, N. and Kramer, J.},
booktitle={Proceedings of 2nd International Workshop on Configurable Distributed Systems, 1994}, 
title={A constructive development environment for parallel and distributed programs},
year={1994},
month={mar},
pages={4--14},
doi={10.1109/IWCDS.1994.289940}
}

@inproceedings{magee1996dynamic,
 author = {Magee, Jeff and Kramer, Jeff},
 title = {Dynamic structure in software architectures},
 booktitle = {Proceedings of the 4th ACM SIGSOFT symposium on Foundations of software engineering},
 series = {SIGSOFT '96},
 year = {1996},
 isbn = {0-89791-797-9},
 location = {San Francisco, California, United States},
 pages = {3--14},
 numpages = {12},
 url = {http://doi.acm.org/10.1145/239098.239104},
 doi = {10.1145/239098.239104},
 acmid = {239104},
 publisher = {ACM},
 _address = {New York, NY, USA}
} 

@INPROCEEDINGS{magee1997corba,
author={Magee, J. and Tseng, A. and Kramer, J.},
booktitle={Proceedings of the Third International Symposium on Autonomous Decentralized Systems, 1997. ISADS 97.}, 
title={Composing distributed objects in CORBA},
year={1997},
month={apr},
pages={257--263},
doi={10.1109/ISADS.1997.590629},
ISSN={}
}

@inproceedings{Nanda2004Decentralizing,
 author = {Nanda, M.G. and Chandra, S. and Sarkar, V},
 title = {Decentralizing execution of composite web services},
 booktitle = {Proceedings of the 19th annual ACM SIGPLAN conference on object oriented programming, systems, languages, and applications},
 series = {OOPSLA '04},
 year = {2004},
 pages = {170--187},
 publisher = {ACM}
} 

@misc{nist2011cloud,
  title={The {NIST} definition of cloud computing (draft)},
  author={Mell, P. and Grance, T.},
  year={2011},
  note = {Dispon{\'\i}vel em http://csrc.nist.gov/publications/nistpubs/800-145/SP800-145.pdf. Acessado em 2 de dezembro de 2012.}
}

@incollection{quema2004hierarchical,
year={2004},
booktitle={Component Deployment},
volume={3083},
series={Lecture Notes in Computer Science},
title={Asynchronous, Hierarchical, and Scalable Deployment of Component-Based Applications},
publisher={Springer Berlin Heidelberg},
author={Quéma, Vivien and Balter, Roland and Bellissard, Luc and Féliot, David and Freyssinet, André and Lacourte, Serge},
pages={50-64}
}

@article{steen2011verylarge,
year={2012},
issn={1867-4828},
journal={Journal of Internet Services and Applications},
volume={3},
issue={1},
number={1},
doi={10.1007/s13174-011-0043-x},
title={Challenges in very large distributed systems},
url={http://dx.doi.org/10.1007/s13174-011-0043-x},
publisher={Springer-Verlag},
keywords={Distributed systems; Socio-technical systems; Cloud computing},
author={Steen, Maarten and Pierre, Guillaume and Voulgaris, Spyros},
pages={59-66},
language={English}
}

@misc{w3c2004ws,
  title={Web services architecture},
  author = {{W3C}},
  year={2004},
  month = {Fevereiro},
  note = {{http://www.w3.org/TR/ws-arch/}}
}

@INPROCEEDINGS{watson2006dynasoar,
author={Watson, P. and Fowler, C. and Kubicek, C. and Mukherjee, A. and Colquhoun, J. and Hewitt, M. and Parastatidis, S.},
booktitle={Ninth IEEE International Symposium on Object and Component-Oriented Real-Time Distributed Computing, ISORC 2006}, 
title={Dynamically deploying Web services on a grid using {Dynasoar}},
year={2006},
month={april},
pages={8},
keywords={Dynasoar;Internet;Web services;grid computing;Internet;grid computing;},
doi={10.1109/ISORC.2006.32}
}

@article{zhang2010cloud,
year={2010},
issn={1867-4828},
journal={Journal of Internet Services and Applications},
volume={1},
issue={1},
number={1},
doi={10.1007/s13174-010-0007-6},
title={Cloud computing: state-of-the-art and research challenges},
url={http://dx.doi.org/10.1007/s13174-010-0007-6},
publisher={Springer-Verlag},
keywords={Cloud computing; Data centers; Virtualization},
author={Zhang, Qi and Cheng, Lu and Boutaba, Raouf},
pages={7-18},
language={English}
}



